@inproceedings{Xu05,
	Address = {Philadelphia, PA, USA},
	Author = { L.-Q. Xu and J. L. Landabaso and M. Pard\`as},
	Booktitle = {Proceedings of the IEEE International Conference on Acoustics, Speech, and Signal Processing (ICASSP)},
	Publisher = {IEEE Computer Society},
	Month = {March},
	Title = {Shadow removal with blob-based morphological reconstruction for error correction},
	Url = {http://landabaso.org/publications/icassp-05-xu-landabaso.pdf},
	Year = {2005}
}

@INPROCEEDINGS{Lo01,
	author={Lo, B.P.L. and Velastin, S.A.},
	booktitle={Intelligent Multimedia, Video and Speech Processing, 2001. Proceedings of 2001 International Symposium on}, title={Automatic congestion detection system for underground platforms},
	year={2001},
	month=,
	volume={},
	number={},
	pages={158 -161},
	keywords={automatic monitoring;closed circuit television;congestion detection system;multi-layer feed forward neural network;underground platforms;underground train services;variance filter;variation of brightness;closed circuit television;feedforward neural nets;image processing;monitoring;railways;},
	doi={10.1109/ISIMP.2001.925356},
	ISSN={},
}

@INPROCEEDINGS{Jabri00,
author={Jabri, S. and Duric, Z. and Wechsler, H. and Rosenfeld, A.},
booktitle={Pattern Recognition, 2000. Proceedings. 15th International Conference on}, title={Detection and location of people in video images using adaptive fusion of color and edge information},
year={2000},
month=,
volume={4},
number={},
pages={627 -630 vol.4},
keywords={adaptive fusion;background subtraction;color information;confidence maps;edge detection;gray-scale images;image segmentation;people detection;video images;adaptive signal processing;computer vision;edge detection;image colour analysis;image segmentation;object recognition;sensor fusion;},
doi={10.1109/ICPR.2000.902997},
ISSN={},}

@article{Huang98,
	author = {P.S. Huang and C.J. Harris and M.S. Nixon},
	title = {A statistical approach for recognizing humans by gait using spatial-temporal templates},
	journal ={Image Processing, International Conference on},
	volume = {3},
	isbn = {0-8186-8821-1},
	year = {1998},
	pages = {178},
	doi = {http://doi.ieeecomputersociety.org/10.1109/ICIP.1998.727162},
	publisher = {IEEE Computer Society},
	address = {Los Alamitos, CA, USA},
}

@MISC{xu06,
	author = {Li Xu and Feihu Qi and Renjie Jiang and Yunfeng Hao and Guorong Wu and Li Xu and Feihu Qi and Renjie Jiang and Yunfeng Hao and Guorong Wu},
	title = {Shadow Detection and Removal in Real Images: A Survey},
	year = {2006}
}

@inproceedings{abdelkader02,
	title = {Person Identification Using Automatic Height and Stride Estimation},
	author = {Chiraz Ben Abdelkader, Ross Cutler,and Larry Davis},
	booktitle = {Proceedings of the 16 th International Conference on Pattern Recognition (ICPR'02) Volume 4 - Volume 4},
	series = {ICPR '02},
	year = {2002},
	isbn = {0-7695-1695-X},
	pages = {40377--},
	url = {http://portal.acm.org/citation.cfm?id=846227.848606},
	acmid = {848606},
	publisher = {IEEE Computer Society},
	address = {Washington, DC, USA},
	key = {{$\!\!$}} ,
} 

@inproceedings{bobick01,
	AUTHOR = "Bobick, A.F. and Johnson, A.Y.",
	TITLE = "Gait Recognition Using Static, Activity-Specific Parameters",
	BOOKTITLE = CVPR01,
	YEAR = "2001",
	PAGES = "I:423-430",
	BIBSOURCE = "http://www.visionbib.com/bibliography/motion-f737.html#TT72388"}

